
@article{BratleyFox:1988,
author = {Bratley, Paul and Fox, Bennett L.},
title = {Algorithm 659: Implementing Sobol's Quasirandom Sequence Generator},
year = {1988},
issue_date = {March 1988},
publisher = {Association for Computing Machinery},
address = {New York, NY, USA},
volume = {14},
number = {1},
issn = {0098-3500},
url = {https://doi.org/10.1145/42288.214372},
doi = {10.1145/42288.214372},
abstract = {We compare empirically accuracy and speed of low-discrepancy sequence generators of
Sobol' and Faure. These generators are useful for multidimensional integration and
global optimization. We discuss our implementation of the Sobol' generator.},
journal = {ACM Trans. Math. Softw.},
month = mar,
pages = {88â€“100},
numpages = {13},
keywords = {multidimensional integration, global optimization, discrepancy, generators, quasirandom sequences, computational complexity}
}

@article{Sobol:1967,
  title={On the distribution of points in a cube and the approximate evaluation of integrals},
  author={I. Sobol},
  journal={Ussr Computational Mathematics and Mathematical Physics},
  year={1967},
  volume={7},
  pages={86-112}
}


@article{MarsagliaZaman:1990,
title = {Toward a universal random number generator},
journal = {Statistics & Probability Letters},
volume = {9},
number = {1},
pages = {35-39},
year = {1990},
issn = {0167-7152},
doi = {https://doi.org/10.1016/0167-7152(90)90092-L},
url = {https://www.sciencedirect.com/science/article/pii/016771529090092L},
author = {George Marsaglia and Arif Zaman and Wai {Wan Tsang}},
keywords = {Random number generator},
abstract = {This article describes an approach towards a random number generator that passes all of the stringent tests for randomness we have put to it, and that is able to produce exactly the same sequence of uniform random variables in a wide variety of computers, including TRS80, Apple, Macintosh, Commodore, Kaypro, IBM PC, AT, PC and AT clones, Sun, Vax, IBM 360370, 3090, Amdahl, CDC Cyber and even 205 and ETA supercomputers.}
}


@inproceedings{Adam:2008aa,
    author = "Adam, N. E. and others",
    title = "{Higgs Working Group Summary Report}",
    booktitle = "{5th Les Houches Workshop on Physics at TeV Colliders}",
    eprint = "0803.1154",
    archivePrefix = "arXiv",
    primaryClass = "hep-ph",
    month = "3",
    year = "2008"
}

@article{Arnold:2008rz,
    author = "Arnold, K. and others",
    title = "{VBFNLO: A Parton level Monte Carlo for processes with electroweak bosons}",
    eprint = "0811.4559",
    archivePrefix = "arXiv",
    primaryClass = "hep-ph",
    reportNumber = "KA-TP-31-2008, SFB-CPP-08-95",
    doi = "10.1016/j.cpc.2009.03.006",
    journal = "Comput. Phys. Commun.",
    volume = "180",
    pages = "1661--1670",
    year = "2009"
}


@article{Arnold:2011wj,
    author = "Baglio, J. and others",
    title = "{VBFNLO: A Parton Level Monte Carlo for Processes with Electroweak Bosons -- Manual for Version 2.7.0}",
    eprint = "1107.4038v3",
    archivePrefix = "arXiv",
    primaryClass = "hep-ph",
    reportNumber = "KA-TP-15-2011, FTUV-11-0730, WUB-11-06, FR-PHENO-2011-012, MZ-TH-11-19, CERN-PH-TH-2011-173, LPN11-40, DESY-11-125, TTK-10-51, MAN-HEP-2014-02",
    month = "7",
    year = "2011"
}

@article{Arnold:2011wjv1,
    author = "Arnold, K. and others",
    title = "{VBFNLO: A Parton Level Monte Carlo for Processes with Electroweak Bosons -- Manual for Version 2.5.0}",
    eprint = "1107.4038v1",
    archivePrefix = "arXiv",
    primaryClass = "hep-ph",
   % reportNumber = "KA-TP-15-2011, FTUV-11-0730, WUB-11-06, FR-PHENO-2011-012, MZ-TH-11-19, CERN-PH-TH-2011-173, LPN11-40, DESY-11-125, TTK-10-51, MAN-HEP-2014-02",
    month = "7",
    year = "2011"
}

@article{Arnold:2011wjv2,
    author = "Arnold, K. and others",
    title = "{VBFNLO: A Parton Level Monte Carlo for Processes with Electroweak Bosons -- Manual for Version 2.6.0}",
    eprint = "1107.4038v2",
    archivePrefix = "arXiv",
    primaryClass = "hep-ph",
   % reportNumber = "KA-TP-15-2011, FTUV-11-0730, WUB-11-06, FR-PHENO-2011-012, MZ-TH-11-19, CERN-PH-TH-2011-173, LPN11-40, DESY-11-125, TTK-10-51, MAN-HEP-2014-02",
    month = "7",
    year = "2011"
}


@inproceedings{Whalley:2005nh,
    author = "Whalley, M. R. and Bourilkov, D. and Group, R. C.",
    title = "{The Les Houches accord PDFs (LHAPDF) and LHAGLUE}",
    booktitle = "{HERA and the LHC: A Workshop on the Implications of HERA and LHC Physics (Startup Meeting, CERN, 26-27 March 2004; Midterm Meeting, CERN, 11-13 October 2004)}",
    eprint = "hep-ph/0508110",
    archivePrefix = "arXiv",
    month = "8",
    year = "2005"
}


@article{Hahn:1998yk,
    author = "Hahn, T. and Perez-Victoria, M.",
    title = "{Automatized one loop calculations in four-dimensions and D-dimensions}",
    eprint = "hep-ph/9807565",
    archivePrefix = "arXiv",
    reportNumber = "UG-FT-87-98, KA-TP-7-1998",
    doi = "10.1016/S0010-4655(98)00173-8",
    journal = "Comput. Phys. Commun.",
    volume = "118",
    pages = "153--165",
    year = "1999"
}


@article{Hahn:2006qw,
    author = "Hahn, Thomas and Rauch, Michael",
    editor = "Fujimoto, J. and Kodaira, J. and Uematsu, T.",
    title = "{News from FormCalc and LoopTools}",
    eprint = "hep-ph/0601248",
    archivePrefix = "arXiv",
    reportNumber = "MPP-2006-7",
    doi = "10.1016/j.nuclphysbps.2006.03.026",
    journal = "Nucl. Phys. B Proc. Suppl.",
    volume = "157",
    pages = "236--240",
    year = "2006"
}


@article{Frank:2006yh,
    author = "Frank, M. and Hahn, T. and Heinemeyer, S. and Hollik, W. and Rzehak, H. and Weiglein, G.",
    title = "{The Higgs Boson Masses and Mixings of the Complex MSSM in the Feynman-Diagrammatic Approach}",
    eprint = "hep-ph/0611326",
    archivePrefix = "arXiv",
    reportNumber = "DCPT-06-160, IPPP-06-80, MPP-2006-158, PSI-PR-06-14",
    doi = "10.1088/1126-6708/2007/02/047",
    journal = "JHEP",
    volume = "02",
    pages = "047",
    year = "2007"
}


@article{Degrassi:2002fi,
    author = "Degrassi, G. and Heinemeyer, S. and Hollik, W. and Slavich, P. and Weiglein, G.",
    title = "{Towards high precision predictions for the MSSM Higgs sector}",
    eprint = "hep-ph/0212020",
    archivePrefix = "arXiv",
    reportNumber = "DCPT-02-126, IPPP-02-63, LMU-11-02, MPI-PHT-2002-73, RM3-TH-02-19",
    doi = "10.1140/epjc/s2003-01152-2",
    journal = "Eur. Phys. J. C",
    volume = "28",
    pages = "133--143",
    year = "2003"
}


@article{Heinemeyer:1998np,
    author = "Heinemeyer, S. and Hollik, W. and Weiglein, G.",
    title = "{The Masses of the neutral CP - even Higgs bosons in the MSSM: Accurate analysis at the two loop level}",
    eprint = "hep-ph/9812472",
    archivePrefix = "arXiv",
    reportNumber = "KA-TP-17-1998, DESY-98-194, CERN-TH-98-405",
    doi = "10.1007/s100529900006",
    journal = "Eur. Phys. J. C",
    volume = "9",
    pages = "343--366",
    year = "1999"
}


@article{Heinemeyer:1998yj,
    author = "Heinemeyer, S. and Hollik, W. and Weiglein, G.",
    title = "{FeynHiggs: A Program for the calculation of the masses of the neutral CP even Higgs bosons in the MSSM}",
    eprint = "hep-ph/9812320",
    archivePrefix = "arXiv",
    reportNumber = "KA-TP-16-1998, DESY-98-193, CERN-TH-98-389",
    doi = "10.1016/S0010-4655(99)00364-1",
    journal = "Comput. Phys. Commun.",
    volume = "124",
    pages = "76--89",
    year = "2000"
}


@article{Murayama:1992gi,
    author = "Murayama, H. and Watanabe, I. and Hagiwara, Kaoru",
    title = "{HELAS: HELicity amplitude subroutines for Feynman diagram evaluations}",
    reportNumber = "KEK-91-11",
    month = "1",
    year = "1992"
}


@article{Campanario:2011cs,
    author = "Campanario, Francisco",
    title = "{Towards pp -\ensuremath{>} VVjj at NLO QCD: Bosonic contributions to triple vector boson production plus jet}",
    eprint = "1105.0920",
    archivePrefix = "arXiv",
    primaryClass = "hep-ph",
    reportNumber = "FTUV-11-0130, KA-TP-10-2011, LPN11-20, SFB-CPP-11-22, FTUV-11-0130-KA-TP-10-2011-LPN11-20-SFB-CPP-11-22",
    doi = "10.1007/JHEP10(2011)070",
    journal = "JHEP",
    volume = "10",
    pages = "070",
    year = "2011"
}


@article{Pumplin:2002vw,
    author = "Pumplin, J. and Stump, D. R. and Huston, J. and Lai, H. L. and Nadolsky, Pavel M. and Tung, W. K.",
    title = "{New generation of parton distributions with uncertainties from global QCD analysis}",
    eprint = "hep-ph/0201195",
    archivePrefix = "arXiv",
    reportNumber = "MSU-HEP-011101",
    doi = "10.1088/1126-6708/2002/07/012",
    journal = "JHEP",
    volume = "07",
    pages = "012",
    year = "2002"
}


@article{Lai:2010vv,
    author = "Lai, Hung-Liang and Guzzi, Marco and Huston, Joey and Li, Zhao and Nadolsky, Pavel M. and Pumplin, Jon and Yuan, C. -P.",
    title = "{New parton distributions for collider physics}",
    eprint = "1007.2241",
    archivePrefix = "arXiv",
    primaryClass = "hep-ph",
    reportNumber = "MSUHEP-100707, SMU-HEP-10-10",
    doi = "10.1103/PhysRevD.82.074024",
    journal = "Phys. Rev. D",
    volume = "82",
    pages = "074024",
    year = "2010"
}


@article{Martin:2004dh,
    author = "Martin, A. D. and Roberts, R. G. and Stirling, W. J. and Thorne, R. S.",
    title = "{Parton distributions incorporating QED contributions}",
    eprint = "hep-ph/0411040",
    archivePrefix = "arXiv",
    reportNumber = "IPPP-04-62, DCPT-04-124, CAVENDISH-HEP-2004-28",
    doi = "10.1140/epjc/s2004-02088-7",
    journal = "Eur. Phys. J. C",
    volume = "39",
    pages = "155--161",
    year = "2005"
}


@article{Martin:2009iq,
    author = "Martin, A. D. and Stirling, W. J. and Thorne, R. S. and Watt, G.",
    title = "{Parton distributions for the LHC}",
    eprint = "0901.0002",
    archivePrefix = "arXiv",
    primaryClass = "hep-ph",
    reportNumber = "IPPP-08-95, DCPT-08-190, CAVENDISH-HEP-08-16",
    doi = "10.1140/epjc/s10052-009-1072-5",
    journal = "Eur. Phys. J. C",
    volume = "63",
    pages = "189--285",
    year = "2009"
}


@article{Stelzer:1994ta,
    author = "Stelzer, T. and Long, W. F.",
    title = "{Automatic generation of tree level helicity amplitudes}",
    eprint = "hep-ph/9401258",
    archivePrefix = "arXiv",
    reportNumber = "MAD-PH-813",
    doi = "10.1016/0010-4655(94)90084-1",
    journal = "Comput. Phys. Commun.",
    volume = "81",
    pages = "357--371",
    year = "1994"
}


@article{Alwall:2007st,
    author = "Alwall, Johan and Demin, Pavel and de Visscher, Simon and Frederix, Rikkert and Herquet, Michel and Maltoni, Fabio and Plehn, Tilman and Rainwater, David L. and Stelzer, Tim",
    title = "{MadGraph/MadEvent v4: The New Web Generation}",
    eprint = "0706.2334",
    archivePrefix = "arXiv",
    primaryClass = "hep-ph",
    reportNumber = "SLAC-PUB-12603, CP3-07-17",
    doi = "10.1088/1126-6708/2007/09/028",
    journal = "JHEP",
    volume = "09",
    pages = "028",
    year = "2007"
}


@article{Allanach:2008qq,
    author = "Allanach, B. C. and others",
    title = "{SUSY Les Houches Accord 2}",
    eprint = "0801.0045",
    archivePrefix = "arXiv",
    primaryClass = "hep-ph",
    reportNumber = "FERMILAB-PUB-07-036-T, SLAC-PUB-12765, CERN-PH-TH-2007-148, DAMTP-2007-76, EDINBURGH-2007-31, KEK-TH-1170, LAPTH-1204-07, LPT-ORSAY-07-81, SHEP-07-13",
    doi = "10.1016/j.cpc.2008.08.004",
    journal = "Comput. Phys. Commun.",
    volume = "180",
    pages = "8--25",
    year = "2009"
}


@article{Hahn:2006nq,
    author = "Hahn, T.",
    title = "{SUSY Les Houches Accord 2 I/O made easy}",
    eprint = "hep-ph/0605049",
    archivePrefix = "arXiv",
    reportNumber = "MPP-2006-46",
    doi = "10.1016/j.cpc.2009.03.012",
    journal = "Comput. Phys. Commun.",
    volume = "180",
    pages = "1681--1693",
    year = "2009"
}


@article{vanOldenborgh:1989wn,
    author = "van Oldenborgh, G. J. and Vermaseren, J. A. M.",
    title = "{New Algorithms for One Loop Integrals}",
    reportNumber = "NIKHEF-H/89-17",
    doi = "10.1007/BF01621031",
    journal = "Z. Phys. C",
    volume = "46",
    pages = "425--438",
    year = "1990"
}


@article{Passarino:2010qk,
    author = "Passarino, Giampiero and Sturm, Christian and Uccirati, Sandro",
    title = "{Higgs Pseudo-Observables, Second Riemann Sheet and All That}",
    eprint = "1001.3360",
    archivePrefix = "arXiv",
    primaryClass = "hep-ph",
    reportNumber = "TTP-10-04",
    doi = "10.1016/j.nuclphysb.2010.03.013",
    journal = "Nucl. Phys. B",
    volume = "834",
    pages = "77--115",
    year = "2010"
}


@article{Goria:2011wa,
    author = "Goria, Stefano and Passarino, Giampiero and Rosco, Dario",
    title = "{The Higgs Boson Lineshape}",
    eprint = "1112.5517",
    archivePrefix = "arXiv",
    primaryClass = "hep-ph",
    doi = "10.1016/j.nuclphysb.2012.07.006",
    journal = "Nucl. Phys. B",
    volume = "864",
    pages = "530--579",
    year = "2012"
}


@article{Andersen:2007mp,
    author = "Andersen, J. R. and Binoth, T. and Heinrich, G. and Smillie, J. M.",
    title = "{Loop induced interference effects in Higgs Boson plus two jet production at the LHC}",
    eprint = "0709.3513",
    archivePrefix = "arXiv",
    primaryClass = "hep-ph",
    reportNumber = "CAVENDISH-HEP-07-09, EDINBURGH-2007-21",
    doi = "10.1088/1126-6708/2008/02/057",
    journal = "JHEP",
    volume = "02",
    pages = "057",
    year = "2008"
}


@article{Bredenstein:2008tm,
    author = "Bredenstein, A. and Hagiwara, Kaoru and Jager, B.",
    title = "{Mixed QCD-electroweak contributions to Higgs-plus-dijet production at the LHC}",
    eprint = "0801.4231",
    archivePrefix = "arXiv",
    primaryClass = "hep-ph",
    reportNumber = "KEK-TH-1222",
    doi = "10.1103/PhysRevD.77.073004",
    journal = "Phys. Rev. D",
    volume = "77",
    pages = "073004",
    year = "2008"
}


@article{Frixione:1998jh,
    author = "Frixione, Stefano",
    title = "{Isolated photons in perturbative QCD}",
    eprint = "hep-ph/9801442",
    archivePrefix = "arXiv",
    reportNumber = "ETH-TH-97-40",
    doi = "10.1016/S0370-2693(98)00454-7",
    journal = "Phys. Lett. B",
    volume = "429",
    pages = "369--374",
    year = "1998"
}


@article{Figy:2003nv,
    author = "Figy, T. and Oleari, C. and Zeppenfeld, D.",
    title = "{Next-to-leading order jet distributions for Higgs boson production via weak boson fusion}",
    eprint = "hep-ph/0306109",
    archivePrefix = "arXiv",
    reportNumber = "DCPT-03-54, IPPP-03-27, MADPH-03-1330",
    doi = "10.1103/PhysRevD.68.073005",
    journal = "Phys. Rev. D",
    volume = "68",
    pages = "073005",
    year = "2003"
}


@article{Hollik:2008xn,
    author = "Hollik, Wolfgang and Plehn, Tilman and Rauch, Michael and Rzehak, Heidi",
    title = "{Supersymmetric Higgs Bosons in Weak Boson Fusion}",
    eprint = "0804.2676",
    archivePrefix = "arXiv",
    primaryClass = "hep-ph",
    reportNumber = "EDINBURGH-2008-16, PSI-PR-08-05",
    doi = "10.1103/PhysRevLett.102.091802",
    journal = "Phys. Rev. Lett.",
    volume = "102",
    pages = "091802",
    year = "2009"
}


@article{Figy:2010ct,
    author = "Figy, Terrance and Palmer, Sophy and Weiglein, Georg",
    title = "{Higgs Production via Weak Boson Fusion in the Standard Model and the MSSM}",
    eprint = "1012.4789",
    archivePrefix = "arXiv",
    primaryClass = "hep-ph",
    reportNumber = "CERN-PH-TH-2010-145, DCPT-09-152, DESY-10-154, IPPP-09-76, KA-TP-35-2010",
    doi = "10.1007/JHEP02(2012)105",
    journal = "JHEP",
    volume = "02",
    pages = "105",
    year = "2012"
}


@article{Figy:2007kv,
    author = "Figy, Terrance and Hankele, Vera and Zeppenfeld, Dieter",
    title = "{Next-to-leading order QCD corrections to Higgs plus three jet production in vector-boson fusion}",
    eprint = "0710.5621",
    archivePrefix = "arXiv",
    primaryClass = "hep-ph",
    reportNumber = "IPPP-07-82, DCPT-07-164, KA-TP-28-2007",
    doi = "10.1088/1126-6708/2008/02/076",
    journal = "JHEP",
    volume = "02",
    pages = "076",
    year = "2008"
}


@article{Arnold:2010dx,
    author = "Arnold, Ken and Figy, Terrance and Jager, Barbara and Zeppenfeld, Dieter",
    title = "{Next-to-leading order QCD corrections to Higgs boson production in association with a photon via weak-boson fusion at the LHC}",
    eprint = "1006.4237",
    archivePrefix = "arXiv",
    primaryClass = "hep-ph",
    reportNumber = "CERN-PH-TH-2010-119",
    doi = "10.1007/JHEP08(2010)088",
    journal = "JHEP",
    volume = "08",
    pages = "088",
    year = "2010"
}


@article{Oleari:2003tc,
    author = "Oleari, Carlo and Zeppenfeld, Dieter",
    title = "{QCD corrections to electroweak nu(l) j j and l+ l- j j production}",
    eprint = "hep-ph/0310156",
    archivePrefix = "arXiv",
    reportNumber = "DCPT-03-110, IPPP-03-55, MADPH-03-1348",
    doi = "10.1103/PhysRevD.69.093004",
    journal = "Phys. Rev. D",
    volume = "69",
    pages = "093004",
    year = "2004"
}


@article{Jager:2010aj,
    author = "Jager, B.",
    title = "{Next-to-leading order QCD corrections to photon production via weak-boson fusion}",
    eprint = "1004.0825",
    archivePrefix = "arXiv",
    primaryClass = "hep-ph",
    doi = "10.1103/PhysRevD.81.114016",
    journal = "Phys. Rev. D",
    volume = "81",
    pages = "114016",
    year = "2010"
}


@article{Frank:2012wh,
    author = "Frank, Jessica and Rauch, Michael and Zeppenfeld, Dieter",
    title = "{Spin-2 resonances in vector-boson-fusion processes at next-to-leading order QCD}",
    eprint = "1211.3658",
    archivePrefix = "arXiv",
    primaryClass = "hep-ph",
    reportNumber = "KA-TP-40-2012, SFB-CPP-12-86",
    doi = "10.1103/PhysRevD.87.055020",
    journal = "Phys. Rev. D",
    volume = "87",
    number = "5",
    pages = "055020",
    year = "2013"
}


@article{Frank:2013gca,
    author = "Frank, Jessica and Rauch, Michael and Zeppenfeld, Dieter",
    title = "{Higgs Spin Determination in the WW channel and beyond}",
    eprint = "1305.1883",
    archivePrefix = "arXiv",
    primaryClass = "hep-ph",
    doi = "10.1140/epjc/s10052-014-2918-z",
    journal = "Eur. Phys. J. C",
    volume = "74",
    pages = "2918",
    year = "2014"
}


@article{Jager:2006zc,
    author = "Jager, Barbara and Oleari, Carlo and Zeppenfeld, Dieter",
    title = "{Next-to-leading order QCD corrections to W+W- production via vector-boson fusion}",
    eprint = "hep-ph/0603177",
    archivePrefix = "arXiv",
    reportNumber = "BICOCCA-FT-06-4, KA-TP-03-2006, SFB-CPP-06-10",
    doi = "10.1088/1126-6708/2006/07/015",
    journal = "JHEP",
    volume = "07",
    pages = "015",
    year = "2006"
}


@article{Jager:2006cp,
    author = "Jager, Barbara and Oleari, Carlo and Zeppenfeld, Dieter",
    title = "{Next-to-leading order QCD corrections to Z boson pair production via vector-boson fusion}",
    eprint = "hep-ph/0604200",
    archivePrefix = "arXiv",
    reportNumber = "BICOCCA-FT-06-7, KA-TP-04-2006, SFB-CPP-06-20",
    doi = "10.1103/PhysRevD.73.113006",
    journal = "Phys. Rev. D",
    volume = "73",
    pages = "113006",
    year = "2006"
}


@article{Bozzi:2007ur,
    author = "Bozzi, Giuseppe and Jager, Barbara and Oleari, Carlo and Zeppenfeld, Dieter",
    title = "{Next-to-leading order QCD corrections to W+ Z and W- Z production via vector-boson fusion}",
    eprint = "hep-ph/0701105",
    archivePrefix = "arXiv",
    reportNumber = "BICOCCA-FT-07-1, KA-TP-01-2007, SFB-CPP-07-02",
    doi = "10.1103/PhysRevD.75.073004",
    journal = "Phys. Rev. D",
    volume = "75",
    pages = "073004",
    year = "2007"
}


@article{Jager:2009xx,
    author = "Jager, B. and Oleari, C. and Zeppenfeld, D.",
    title = "{Next-to-leading order QCD corrections to W+ W+ jj and W- W- jj production via weak-boson fusion}",
    eprint = "0907.0580",
    archivePrefix = "arXiv",
    primaryClass = "hep-ph",
    reportNumber = "KA-TP-09-2009",
    doi = "10.1103/PhysRevD.80.034022",
    journal = "Phys. Rev. D",
    volume = "80",
    pages = "034022",
    year = "2009"
}


@article{Campanario:2013eta,
    author = "Campanario, Francisco and Kaiser, Nicolas and Zeppenfeld, Dieter",
    title = "{W$\gamma$ production in vector boson fusion at NLO in QCD}",
    eprint = "1309.7259",
    archivePrefix = "arXiv",
    primaryClass = "hep-ph",
    reportNumber = "FTUV-13-0930, IFIC-13-67, KA-TP-27-2013, LPN13-063, SFB-CPP-13-70",
    doi = "10.1103/PhysRevD.89.014009",
    journal = "Phys. Rev. D",
    volume = "89",
    number = "1",
    pages = "014009",
    year = "2014"
}


@article{Campanario:2017ffz,
    author = "Campanario, Francisco and Kerner, Matthias and Zeppenfeld, Dieter",
    title = "{$Z_\gamma$ production in vector-boson scattering at next-to-leading order QCD}",
    eprint = "1704.01921",
    archivePrefix = "arXiv",
    primaryClass = "hep-ph",
    reportNumber = "IFIC-17-40, FT-UV-17-2308, KA-TP-15-2017, MPP-2017-46",
    doi = "10.1007/JHEP01(2018)160",
    journal = "JHEP",
    volume = "01",
    pages = "160",
    year = "2018"
}


@article{Campanario:2020xaf,
    author = "Campanario, Francisco and Kerner, Matthias and Ninh, Duc and Rosario, Ivan",
    title = "{Diphoton production in vector-boson scattering at the LHC at next-to-leading order QCD}",
    eprint = "2002.12109",
    archivePrefix = "arXiv",
    primaryClass = "hep-ph",
    reportNumber = "FTUV-20-0329, IFIC/20-05, IFIRSE-TH-2020-1, ZU-TH 54/19",
    doi = "10.1007/JHEP06(2020)072",
    journal = "JHEP",
    volume = "06",
    pages = "072",
    year = "2020"
}


@article{Figy:2008zd,
    author = "Figy, Terrance",
    title = "{Next-to-leading order QCD corrections to light Higgs Pair production via vector boson fusion}",
    eprint = "0806.2200",
    archivePrefix = "arXiv",
    primaryClass = "hep-ph",
    reportNumber = "IPPP-08-44, DCPT-08-88",
    doi = "10.1142/S0217732308028181",
    journal = "Mod. Phys. Lett. A",
    volume = "23",
    pages = "1961--1973",
    year = "2008"
}


@article{Baglio:2012np,
    author = {Baglio, J. and Djouadi, A. and Gr\"ober, R. and M\"uhlleitner, M. M. and Quevillon, J. and Spira, M.},
    title = "{The measurement of the Higgs self-coupling at the LHC: theoretical status}",
    eprint = "1212.5581",
    archivePrefix = "arXiv",
    primaryClass = "hep-ph",
    reportNumber = "KA-TP-44-2012, SFB-CPP-12-102, LPT-ORSAY-12-124, PSI-PR-12-10",
    doi = "10.1007/JHEP04(2013)151",
    journal = "JHEP",
    volume = "04",
    pages = "151",
    year = "2013"
}


@article{Campanario:2011ud,
    author = "Campanario, Francisco and Englert, Christoph and Rauch, Michael and Zeppenfeld, Dieter",
    title = "{Precise predictions for $W \gamma \gamma +$ jet production at hadron colliders}",
    eprint = "1106.4009",
    archivePrefix = "arXiv",
    primaryClass = "hep-ph",
    reportNumber = "FTUV-11-0620, KA-TP-13-2011, LPN11-32, SFB-CPP-11-31",
    doi = "10.1016/j.physletb.2011.09.072",
    journal = "Phys. Lett. B",
    volume = "704",
    pages = "515--519",
    year = "2011"
}


@article{Campanario:2014lza,
    author = "Campanario, Francisco and Roth, Robin and Zeppenfeld, Dieter",
    title = "{QCD radiation in $WH$ and $WZ$ production and anomalous coupling measurements}",
    eprint = "1410.4840",
    archivePrefix = "arXiv",
    primaryClass = "hep-ph",
    reportNumber = "FTUV-14-3008, IFIC-14-57, KA-TP-25-2014, LPN14-109, SFB-CPP-14-66",
    doi = "10.1103/PhysRevD.91.054039",
    journal = "Phys. Rev. D",
    volume = "91",
    pages = "054039",
    year = "2015"
}


@article{DelDuca:2001eu,
    author = "Del Duca, V. and Kilgore, W. and Oleari, C. and Schmidt, C. and Zeppenfeld, D.",
    title = "{Higgs + 2 jets via gluon fusion}",
    eprint = "hep-ph/0105129",
    archivePrefix = "arXiv",
    reportNumber = "MADPH-01-1226, BNL-HET-01-15, MSUHEP-10510, DFTT-13-2001",
    doi = "10.1103/PhysRevLett.87.122001",
    journal = "Phys. Rev. Lett.",
    volume = "87",
    pages = "122001",
    year = "2001"
}


@article{DelDuca:2001fn,
    author = "Del Duca, V. and Kilgore, W. and Oleari, C. and Schmidt, C. and Zeppenfeld, D.",
    title = "{Gluon fusion contributions to H + 2 jet production}",
    eprint = "hep-ph/0108030",
    archivePrefix = "arXiv",
    reportNumber = "MADPH-01-1235, BNL-HET-01-28, MSUHEP-10709, DFTT-19-2001",
    doi = "10.1016/S0550-3213(01)00446-1",
    journal = "Nucl. Phys. B",
    volume = "616",
    pages = "367--399",
    year = "2001"
}


@article{DelDuca:2006hk,
    author = "Del Duca, Vittorio and Klamke, Gunnar and Zeppenfeld, Dieter and Mangano, Michelangelo L. and Moretti, Mauro and Piccinini, Fulvio and Pittau, Roberto and Polosa, Antonio D.",
    title = "{Monte Carlo studies of the jet activity in Higgs + 2 jet events}",
    eprint = "hep-ph/0608158",
    archivePrefix = "arXiv",
    reportNumber = "FNT-T-2006-07, DFTT-14-2006, KA-TP-06-2006",
    doi = "10.1088/1126-6708/2006/10/016",
    journal = "JHEP",
    volume = "10",
    pages = "016",
    year = "2006"
}


@article{Klamke:2007cu,
    author = "Klamke, G. and Zeppenfeld, D.",
    title = "{Higgs plus two jet production via gluon fusion as a signal at the CERN LHC}",
    eprint = "hep-ph/0703202",
    archivePrefix = "arXiv",
    reportNumber = "KA-TP-04-2007, SFB-CPP-07-10",
    doi = "10.1088/1126-6708/2007/04/052",
    journal = "JHEP",
    volume = "04",
    pages = "052",
    year = "2007"
}


@article{Campanario:2010mi,
    author = "Campanario, Francisco and Kubocz, Michael and Zeppenfeld, Dieter",
    title = "{Gluon-fusion contributions to Phi + 2 Jet production}",
    eprint = "1011.3819",
    archivePrefix = "arXiv",
    primaryClass = "hep-ph",
    reportNumber = "FTUV-10-1117, KA-TP-25-2010, SFB-CPP-10-112, TTK-10-51",
    doi = "10.1103/PhysRevD.84.095025",
    journal = "Phys. Rev. D",
    volume = "84",
    pages = "095025",
    year = "2011"
}


@article{Campanario:2013mga,
    author = "Campanario, Francisco and Kubocz, Michael",
    title = "{Higgs boson production in association with three jets via gluon fusion at the LHC: Gluonic contributions}",
    eprint = "1306.1830",
    archivePrefix = "arXiv",
    primaryClass = "hep-ph",
    reportNumber = "FTUV-13-0606, IFIC-13-27, KA-TP-13-2013, LPN13-034, SFB-CPP-13-38, TTK-13-16",
    doi = "10.1103/PhysRevD.88.054021",
    journal = "Phys. Rev. D",
    volume = "88",
    number = "5",
    pages = "054021",
    year = "2013"
}


@article{Campanario:2014oua,
    author = "Campanario, Francisco and Kubocz, Michael",
    title = "{Higgs boson CP-properties of the gluonic contributions in Higgs plus three jet production via gluon fusion at the LHC}",
    eprint = "1402.1154",
    archivePrefix = "arXiv",
    primaryClass = "hep-ph",
    reportNumber = "FTUV-14-1202, IFIC-14-11, KA-TP-04-2014, LPN14-043, SFB-CPP-14-11, TTK-14-07",
    doi = "10.1007/JHEP10(2014)173",
    journal = "JHEP",
    volume = "10",
    pages = "173",
    year = "2014"
}


@article{Campanario:2012bh,
    author = "Campanario, Francisco and Li, Qiang and Rauch, Michael and Spira, Michael",
    title = "{ZZ+jet production via gluon fusion at the LHC}",
    eprint = "1211.5429",
    archivePrefix = "arXiv",
    primaryClass = "hep-ph",
    reportNumber = "FTUV-12-1121, KA-TP-41-2012, LPN12-126, PSI-PR-12-08, SFB-CPP-12-92",
    doi = "10.1007/JHEP06(2013)069",
    journal = "JHEP",
    volume = "06",
    pages = "069",
    year = "2013"
}


@article{Bellm:2015jjp,
    author = "Bellm, Johannes and others",
    title = "{Herwig 7.0/Herwig++ 3.0 release note}",
    eprint = "1512.01178",
    archivePrefix = "arXiv",
    primaryClass = "hep-ph",
    reportNumber = "CERN-PH-TH-2015-289, MAN-HEP-2015-15, IFJPAN-IV-2015-13, KA-TP-18-2015, DCPT-15-142, MCNET-15-28, IPPP-15-71, HERWIG-2015-01",
    doi = "10.1140/epjc/s10052-016-4018-8",
    journal = "Eur. Phys. J. C",
    volume = "76",
    number = "4",
    pages = "196",
    year = "2016"
}


@article{Bellm:2019zci,
    author = "Bellm, Johannes and others",
    title = "{Herwig 7.2 release note}",
    eprint = "1912.06509",
    archivePrefix = "arXiv",
    primaryClass = "hep-ph",
    reportNumber = "MAN/HEP/2019/011, CERN-TH-2019-213, IFJPAN-IV-2019-18, HERWIG-2019-02, UWTHPH-19-36, KA-TP-24-2019, LU-TP 19-57, MCnet-19-28, IPPP/19/91",
    doi = "10.1140/epjc/s10052-020-8011-x",
    journal = "Eur. Phys. J. C",
    volume = "80",
    number = "5",
    pages = "452",
    year = "2020"
}


@article{Platzer:2011bc,
    author = "Platzer, Simon and Gieseke, Stefan",
    title = "{Dipole Showers and Automated NLO Matching in Herwig++}",
    eprint = "1109.6256",
    archivePrefix = "arXiv",
    primaryClass = "hep-ph",
    reportNumber = "DESY-11-162, KA-TP-24-2011, HERWIG-11-01, MCNET-11-24",
    doi = "10.1140/epjc/s10052-012-2187-7",
    journal = "Eur. Phys. J. C",
    volume = "72",
    pages = "2187",
    year = "2012"
}


@article{Platzer:2012bs,
    author = {Pl\"atzer, Simon},
    title = "{Controlling inclusive cross sections in parton shower + matrix element merging}",
    eprint = "1211.5467",
    archivePrefix = "arXiv",
    primaryClass = "hep-ph",
    reportNumber = "DESY-12-215, MCNET-12-13",
    doi = "10.1007/JHEP08(2013)114",
    journal = "JHEP",
    volume = "08",
    pages = "114",
    year = "2013"
}


@article{Bellm:2017ktr,
    author = {Bellm, Johannes and Gieseke, Stefan and Pl\"atzer, Simon},
    title = "{Merging NLO Multi-jet Calculations with Improved Unitarization}",
    eprint = "1705.06700",
    archivePrefix = "arXiv",
    primaryClass = "hep-ph",
    reportNumber = "IPPP-17-39, KA-TP-20-2017, MAN-HEP-2017-07, UWTHPH-2017-9, MCNET-17-07, HERWIG-2017-01",
    doi = "10.1140/epjc/s10052-018-5723-2",
    journal = "Eur. Phys. J. C",
    volume = "78",
    number = "3",
    pages = "244",
    year = "2018"
}


@article{Rauch:2016upa,
    author = {Rauch, Michael and Pl\"atzer, Simon},
    title = "{Parton Shower Matching Systematics in Vector-Boson-Fusion WW Production}",
    eprint = "1605.07851",
    archivePrefix = "arXiv",
    primaryClass = "hep-ph",
    reportNumber = "MAN-HEP-2016-08, HERWIG-2016-04, KA-TP-16-2016, MCNET-16-14, IPPP-16-49",
    doi = "10.1140/epjc/s10052-017-4860-3",
    journal = "Eur. Phys. J. C",
    volume = "77",
    number = "5",
    pages = "293",
    year = "2017"
}


@article{Jager:2020hkz,
    author = {J\"ager, Barbara and Karlberg, Alexander and Pl\"atzer, Simon and Scheller, Johannes and Zaro, Marco},
    title = "{Parton-shower effects in Higgs production via Vector-Boson Fusion}",
    eprint = "2003.12435",
    archivePrefix = "arXiv",
    primaryClass = "hep-ph",
    reportNumber = "OUTP-20-01P, MCNET-20-14, UWTHPH 2020-4, TIF-UNIMI-2020-10,
  VBSCAN-PUB-01-20, TIF-UNIMI-2020-10, VBSCAN-PUB-01-20",
    doi = "10.1140/epjc/s10052-020-8326-7",
    journal = "Eur. Phys. J. C",
    volume = "80",
    number = "8",
    pages = "756",
    year = "2020"
}


@article{Binoth:2010xt,
    author = "Binoth, T. and others",
    editor = "Belanger, Genevieve and Boudjema, Fawzi and Guillet, Jean-Philippe",
    title = "{A Proposal for a Standard Interface between Monte Carlo Tools and One-Loop Programs}",
    eprint = "1001.1307",
    archivePrefix = "arXiv",
    primaryClass = "hep-ph",
    reportNumber = "SLAC-PUB-14723, FERMILAB-PUB-10-029-T, LAPTH-003-10",
    doi = "10.1016/j.cpc.2010.05.016",
    journal = "Comput. Phys. Commun.",
    volume = "181",
    pages = "1612--1622",
    year = "2010"
}


@article{Alioli:2013nda,
    author = "Alioli, S. and others",
    title = "{Update of the Binoth Les Houches Accord for a standard interface between Monte Carlo tools and one-loop programs}",
    eprint = "1308.3462",
    archivePrefix = "arXiv",
    primaryClass = "hep-ph",
    reportNumber = "MPP-2013-237",
    doi = "10.1016/j.cpc.2013.10.020",
    journal = "Comput. Phys. Commun.",
    volume = "185",
    pages = "560--571",
    year = "2014"
}


@article{Amsler:2008zz,
    author = "Amsler, Claude and Masoni, A.",
    title = "{The $\eta$(1405), $\eta$(1475), $f_1$(1420), and $f_1$(1510)}",
    year = "2008"
}


@article{Albert:1979ix,
    author = "Albert, David and Marciano, William J. and Wyler, Daniel and Parsa, Zohreh",
    title = "{Decays of Intermediate Vector Bosons, Radiative Corrections and QCD Jets}",
    reportNumber = "COO-2232B-190",
    doi = "10.1016/0550-3213(80)90208-4",
    journal = "Nucl. Phys. B",
    volume = "166",
    pages = "460--492",
    year = "1980"
}


@article{Dittmaier:2011ti,
    author = "Dittmaier, S. and others",
    collaboration = "LHC Higgs Cross Section Working Group",
    title = "{Handbook of LHC Higgs Cross Sections: 1. Inclusive Observables}",
    eprint = "1101.0593",
    archivePrefix = "arXiv",
    primaryClass = "hep-ph",
    reportNumber = "CERN-2011-002",
    doi = "10.5170/CERN-2011-002",
    month = "1",
    year = "2011"
}


@article{Alwall:2006yp,
    author = "Alwall, Johan and others",
    title = "{A Standard format for Les Houches event files}",
    eprint = "hep-ph/0609017",
    archivePrefix = "arXiv",
    reportNumber = "FERMILAB-PUB-06-337-T, CERN-LCGAPP-2006-03",
    doi = "10.1016/j.cpc.2006.11.010",
    journal = "Comput. Phys. Commun.",
    volume = "176",
    pages = "300--304",
    year = "2007"
}


@article{Dobbs:2001ck,
    author = "Dobbs, Matt and Hansen, Jorgen Beck",
    title = "{The HepMC C++ Monte Carlo event record for High Energy Physics}",
    reportNumber = "ATL-SOFT-2000-001",
    doi = "10.1016/S0010-4655(00)00189-2",
    journal = "Comput. Phys. Commun.",
    volume = "134",
    pages = "41--46",
    year = "2001"
}


@article{Seymour:1997kj,
    author = "Seymour, M. H.",
    title = "{Jet shapes in hadron collisions: Higher orders, resummation and hadronization}",
    eprint = "hep-ph/9707338",
    archivePrefix = "arXiv",
    reportNumber = "RAL-TR-97-026",
    doi = "10.1016/S0550-3213(97)00711-6",
    journal = "Nucl. Phys. B",
    volume = "513",
    pages = "269--300",
    year = "1998"
}


@article{Dokshitzer:1997in,
    author = "Dokshitzer, Yuri L. and Leder, G. D. and Moretti, S. and Webber, B. R.",
    title = "{Better jet clustering algorithms}",
    eprint = "hep-ph/9707323",
    archivePrefix = "arXiv",
    reportNumber = "CAVENDISH-HEP-97-06",
    doi = "10.1088/1126-6708/1997/08/001",
    journal = "JHEP",
    volume = "08",
    pages = "001",
    year = "1997"
}


@article{Cacciari:2008gp,
    author = "Cacciari, Matteo and Salam, Gavin P. and Soyez, Gregory",
    title = "{The anti-$k_t$ jet clustering algorithm}",
    eprint = "0802.1189",
    archivePrefix = "arXiv",
    primaryClass = "hep-ph",
    reportNumber = "LPTHE-07-03",
    doi = "10.1088/1126-6708/2008/04/063",
    journal = "JHEP",
    volume = "04",
    pages = "063",
    year = "2008"
}


@article{Beringer:1900zz,
    author = "Beringer, J. and others",
    collaboration = "Particle Data Group",
    title = "{Review of Particle Physics (RPP)}",
    reportNumber = "SLAC-REPRINT-2014-001",
    doi = "10.1103/PhysRevD.86.010001",
    journal = "Phys. Rev. D",
    volume = "86",
    pages = "010001",
    year = "2012"
}


@article{Carena:2002qg,
    author = "Carena, Marcela and Heinemeyer, S. and Wagner, C. E. M. and Weiglein, G.",
    editor = "Aurenche, P. and Belanger, G. and Boudjema, F. and Guillet, J. P. and Pilon, E.",
    title = "{Suggestions for Benchmark Scenarios for MSSM Higgs Boson Searches at Hadron Colliders}",
    eprint = "hep-ph/0202167",
    archivePrefix = "arXiv",
    reportNumber = "ANL-HEP-CP-02-017, DCPT-02-24, FERMILAB-PUB-02-024-T, BNL-HET-02-7, EFI-02-64, IPPP-02-11",
    doi = "10.1140/epjc/s2002-01084-3",
    journal = "Eur. Phys. J. C",
    volume = "26",
    pages = "601--607",
    year = "2003"
}


@article{Schael:2006cr,
    author = "Schael, S. and others",
    collaboration = "ALEPH, DELPHI, L3, OPAL, LEP Working Group for Higgs Boson Searches",
    title = "{Search for neutral MSSM Higgs bosons at LEP}",
    eprint = "hep-ex/0602042",
    archivePrefix = "arXiv",
    reportNumber = "CERN-PH-EP-2006-001",
    doi = "10.1140/epjc/s2006-02569-7",
    journal = "Eur. Phys. J. C",
    volume = "47",
    pages = "547--587",
    year = "2006"
}


@article{Allanach:2002nj,
    author = "Allanach, B. C. and others",
    editor = "Graf, Norman",
    title = "{The Snowmass Points and Slopes: Benchmarks for SUSY Searches}",
    eprint = "hep-ph/0202233",
    archivePrefix = "arXiv",
    reportNumber = "SLAC-PUB-9134, BNL-HET-02-6, CERN-TH-2002-020, DCPT-02-16, DESY-02-022, FERMILAB-CONF-02-011-T, HEPHY-PUB-751, IPPP-02-08, PM-01-69, UCD-2002-01, UFIFT-HEP-02-2, UMN-TH-2043-02, ZU-TH-3-02, SNOWMASS-2001-P125",
    doi = "10.1007/s10052-002-0949-3",
    journal = "Eur. Phys. J. C",
    volume = "25",
    pages = "113--123",
    year = "2002"
}


@article{Campanario:2010xn,
    author = "Campanario, Francisco and Englert, Christoph and Spannowsky, Michael",
    title = "{QCD corrections to non-standard WZ+jet production with leptonic decays at the LHC}",
    eprint = "1006.3090",
    archivePrefix = "arXiv",
    primaryClass = "hep-ph",
    reportNumber = "FTUV-10-0612, KA-TP-16-2010, SFB-CPP-10-50",
    doi = "10.1103/PhysRevD.82.054015",
    journal = "Phys. Rev. D",
    volume = "82",
    pages = "054015",
    year = "2010"
}


@article{Campanario:2010hv,
    author = "Campanario, Francisco and Englert, Christoph and Spannowsky, Michael",
    title = "{Precise predictions for (non-standard) $W \gamma$ + jet production}",
    eprint = "1010.1291",
    archivePrefix = "arXiv",
    primaryClass = "hep-ph",
    reportNumber = "FTUV-10-1004, KA-TP-30-2010, SFB-CPP-10-88",
    doi = "10.1103/PhysRevD.83.074009",
    journal = "Phys. Rev. D",
    volume = "83",
    pages = "074009",
    year = "2011"
}


@article{Figy:2004pt,
    author = "Figy, Terrance and Zeppenfeld, Dieter",
    title = "{QCD corrections to jet correlations in weak boson fusion}",
    eprint = "hep-ph/0403297",
    archivePrefix = "arXiv",
    reportNumber = "MADPH-04-1370",
    doi = "10.1016/j.physletb.2004.04.033",
    journal = "Phys. Lett. B",
    volume = "591",
    pages = "297--303",
    year = "2004"
}


@article{Hagiwara:1993qt,
    author = "Hagiwara, Kaoru and Szalapski, R. and Zeppenfeld, D.",
    title = "{Anomalous Higgs boson production and decay}",
    eprint = "hep-ph/9308347",
    archivePrefix = "arXiv",
    reportNumber = "MAD-PH-783, KEK-TH-370",
    doi = "10.1016/0370-2693(93)91799-S",
    journal = "Phys. Lett. B",
    volume = "318",
    pages = "155--162",
    year = "1993"
}


@article{Hagiwara:1993ck,
    author = "Hagiwara, Kaoru and Ishihara, S. and Szalapski, R. and Zeppenfeld, D.",
    title = "{Low-energy effects of new interactions in the electroweak boson sector}",
    reportNumber = "MAD-PH-737, UT-635, KEK-TH-356, KEK-PREPRINT-92-214",
    doi = "10.1103/PhysRevD.48.2182",
    journal = "Phys. Rev. D",
    volume = "48",
    pages = "2182--2203",
    year = "1993"
}


@article{Achard:2004kn,
    author = "Achard, P. and others",
    collaboration = "L3",
    title = "{Search for anomalous couplings in the Higgs sector at LEP}",
    eprint = "hep-ex/0403037",
    archivePrefix = "arXiv",
    reportNumber = "CERN-PH-EP-2004-002, CERN-EP-PH-2004-02",
    doi = "10.1016/j.physletb.2004.03.048",
    journal = "Phys. Lett. B",
    volume = "589",
    pages = "89--102",
    year = "2004"
}


@article{Hankele:2006ma,
    author = "Hankele, V. and Klamke, G. and Zeppenfeld, D. and Figy, T.",
    title = "{Anomalous Higgs boson couplings in vector boson fusion at the CERN LHC}",
    eprint = "hep-ph/0609075",
    archivePrefix = "arXiv",
    reportNumber = "KA-TP-09-2006",
    doi = "10.1103/PhysRevD.74.095001",
    journal = "Phys. Rev. D",
    volume = "74",
    pages = "095001",
    year = "2006"
}


@article{Passarino:1978jh,
    author = "Passarino, G. and Veltman, M. J. G.",
    title = "{One Loop Corrections for e+ e- Annihilation Into mu+ mu- in the Weinberg Model}",
    reportNumber = "Print-79-0284 (UTRECHT)",
    doi = "10.1016/0550-3213(79)90234-7",
    journal = "Nucl. Phys. B",
    volume = "160",
    pages = "151--207",
    year = "1979"
}


@article{Buchmuller:1985jz,
    author = "Buchmuller, W. and Wyler, D.",
    title = "{Effective Lagrangian Analysis of New Interactions and Flavor Conservation}",
    reportNumber = "CERN-TH-4254/85",
    doi = "10.1016/0550-3213(86)90262-2",
    journal = "Nucl. Phys. B",
    volume = "268",
    pages = "621--653",
    year = "1986"
}


@article{Eboli:2006wa,
    author = "Eboli, O. J. P. and Gonzalez-Garcia, M. C. and Mizukoshi, J. K.",
    title = "{p p ---\ensuremath{>} j j e+- mu+- nu nu and j j e+- mu-+ nu nu at O( alpha(em)**6) and O(alpha(em)**4 alpha(s)**2) for the study of the quartic electroweak gauge boson vertex at CERN LHC}",
    eprint = "hep-ph/0606118",
    archivePrefix = "arXiv",
    reportNumber = "YITP-SB-06-10, IFUSP-1620-2006",
    doi = "10.1103/PhysRevD.74.073005",
    journal = "Phys. Rev. D",
    volume = "74",
    pages = "073005",
    year = "2006"
}


@inproceedings{Degrande:2013rea,
    author = {Degrande, Celine and Eboli, Oscar and Feigl, Bastian and J\"ager, Barbara and Kilian, Wolfgang and Mattelaer, Olivier and Rauch, Michael and Reuter, J\"urgen and Sekulla, Marco and Wackeroth, Doreen},
    title = "{Monte Carlo tools for studies of non-standard electroweak gauge boson interactions in multi-boson processes: A Snowmass White Paper}",
    booktitle = "{Community Summer Study 2013}: {Snowmass on the Mississippi}",
    eprint = "1309.7890",
    archivePrefix = "arXiv",
    primaryClass = "hep-ph",
    month = "9",
    year = "2013"
}


@article{Schael:2013ita,
    author = "Schael, S. and others",
    collaboration = "ALEPH, DELPHI, L3, OPAL, LEP Electroweak",
    title = "{Electroweak Measurements in Electron-Positron Collisions at W-Boson-Pair Energies at LEP}",
    eprint = "1302.3415",
    archivePrefix = "arXiv",
    primaryClass = "hep-ex",
    reportNumber = "CERN-PH-EP-2013-022",
    doi = "10.1016/j.physrep.2013.07.004",
    journal = "Phys. Rept.",
    volume = "532",
    pages = "119--244",
    year = "2013"
}


@article{Rauch:2016pai,
    author = "Rauch, Michael",
    title = "{Vector-Boson Fusion and Vector-Boson Scattering}",
    eprint = "1610.08420",
    archivePrefix = "arXiv",
    primaryClass = "hep-ph",
    reportNumber = "KA-TP-35-2016",
    month = "10",
    year = "2016"
}


@article{Alboteanu:2008my,
    author = "Alboteanu, Ana and Kilian, Wolfgang and Reuter, Juergen",
    title = "{Resonances and Unitarity in Weak Boson Scattering at the LHC}",
    eprint = "0806.4145",
    archivePrefix = "arXiv",
    primaryClass = "hep-ph",
    reportNumber = "SI-HEP-2008-11",
    doi = "10.1088/1126-6708/2008/11/010",
    journal = "JHEP",
    volume = "11",
    pages = "010",
    year = "2008"
}


@article{Kilian:2014zja,
    author = "Kilian, Wolfgang and Ohl, Thorsten and Reuter, Jurgen and Sekulla, Marco",
    title = "{High-Energy Vector Boson Scattering after the Higgs Discovery}",
    eprint = "1408.6207",
    archivePrefix = "arXiv",
    primaryClass = "hep-ph",
    reportNumber = "DESY-14-142, SI-HEP-2014-20",
    doi = "10.1103/PhysRevD.91.096007",
    journal = "Phys. Rev. D",
    volume = "91",
    pages = "096007",
    year = "2015"
}


@article{Perez:2018kav,
    author = "Perez, Genessis and Sekulla, Marco and Zeppenfeld, Dieter",
    title = "{Anomalous quartic gauge couplings and unitarization for the vector boson scattering process $pp\rightarrow W^+W^+jjX\rightarrow \ell ^+\nu _\ell \ell ^+\nu _\ell jjX$}",
    eprint = "1807.02707",
    archivePrefix = "arXiv",
    primaryClass = "hep-ph",
    reportNumber = "KA-TP-15-2018",
    doi = "10.1140/epjc/s10052-018-6230-1",
    journal = "Eur. Phys. J. C",
    volume = "78",
    number = "9",
    pages = "759",
    year = "2018"
}


@article{Englert:2008tn,
    author = "Englert, C. and Jager, B. and Worek, M. and Zeppenfeld, D.",
    title = "{Observing Strongly Interacting Vector Boson Systems at the CERN Large Hadron Collider}",
    eprint = "0810.4861",
    archivePrefix = "arXiv",
    primaryClass = "hep-ph",
    reportNumber = "KA-TP-21-2008, SFB-CPP-08-88",
    doi = "10.1103/PhysRevD.80.035027",
    journal = "Phys. Rev. D",
    volume = "80",
    pages = "035027",
    year = "2009"
}


@article{Chivukula:2006cg,
    author = "Chivukula, R. Sekhar and Coleppa, Baradhwaj and Di Chiara, Stefano and Simmons, Elizabeth H. and He, Hong-Jian and Kurachi, Masafumi and Tanabashi, Masaharu",
    title = "{A Three Site Higgsless Model}",
    eprint = "hep-ph/0607124",
    archivePrefix = "arXiv",
    reportNumber = "MSUHEP-060710, YITP-SB-06-27, TU-773",
    doi = "10.1103/PhysRevD.74.075011",
    journal = "Phys. Rev. D",
    volume = "74",
    pages = "075011",
    year = "2006"
}


@article{Csaki:2003zu,
    author = "Csaki, Csaba and Grojean, Christophe and Pilo, Luigi and Terning, John",
    title = "{Towards a realistic model of Higgsless electroweak symmetry breaking}",
    eprint = "hep-ph/0308038",
    archivePrefix = "arXiv",
    reportNumber = "SACLAY-T03-112",
    doi = "10.1103/PhysRevLett.92.101802",
    journal = "Phys. Rev. Lett.",
    volume = "92",
    pages = "101802",
    year = "2004"
}


@article{Csaki:2003dt,
    author = "Csaki, Csaba and Grojean, Christophe and Murayama, Hitoshi and Pilo, Luigi and Terning, John",
    title = "{Gauge theories on an interval: Unitarity without a Higgs}",
    eprint = "hep-ph/0305237",
    archivePrefix = "arXiv",
    reportNumber = "SACLAY-T03-061",
    doi = "10.1103/PhysRevD.69.055006",
    journal = "Phys. Rev. D",
    volume = "69",
    pages = "055006",
    year = "2004"
}


@article{Nhung:2013jta,
    author = "Nhung, Dao Thi and Ninh, Le Duc and Weber, Marcus M.",
    title = "{NLO corrections to WWZ production at the LHC}",
    eprint = "1307.7403",
    archivePrefix = "arXiv",
    primaryClass = "hep-ph",
    reportNumber = "KA-TP-19-2013, MPP-2013-220, SFB-CPP-13-52",
    doi = "10.1007/JHEP12(2013)096",
    journal = "JHEP",
    volume = "12",
    pages = "096",
    year = "2013"
}


@article{Maltoni:2002qb,
    author = "Maltoni, Fabio and Stelzer, Tim",
    title = "{MadEvent: Automatic event generation with MadGraph}",
    eprint = "hep-ph/0208156",
    archivePrefix = "arXiv",
    doi = "10.1088/1126-6708/2003/02/027",
    journal = "JHEP",
    volume = "02",
    pages = "027",
    year = "2003"
}


@article{Gleisberg:2008ta,
    author = "Gleisberg, T. and Hoeche, Stefan. and Krauss, F. and Schonherr, M. and Schumann, S. and Siegert, F. and Winter, J.",
    title = "{Event generation with SHERPA 1.1}",
    eprint = "0811.4622",
    archivePrefix = "arXiv",
    primaryClass = "hep-ph",
    reportNumber = "FERMILAB-PUB-08-477-T, SLAC-PUB-13420, ZU-TH-17-08, DCPT-08-138, IPPP-08-69, EDINBURGH-2008-30, MCNET-08-14",
    doi = "10.1088/1126-6708/2009/02/007",
    journal = "JHEP",
    volume = "02",
    pages = "007",
    year = "2009"
}


@article{Kanaki:2000ey,
    author = "Kanaki, Aggeliki and Papadopoulos, Costas G.",
    title = "{HELAC: A Package to compute electroweak helicity amplitudes}",
    eprint = "hep-ph/0002082",
    archivePrefix = "arXiv",
    reportNumber = "DEMO-HEP-2000-01",
    doi = "10.1016/S0010-4655(00)00151-X",
    journal = "Comput. Phys. Commun.",
    volume = "132",
    pages = "306--315",
    year = "2000"
}


@article{Papadopoulos:2005ky,
    author = "Papadopoulos, Costas G. and Worek, Malgorzata",
    title = "{Multi-parton cross sections at hadron colliders}",
    eprint = "hep-ph/0512150",
    archivePrefix = "arXiv",
    reportNumber = "IFJPAN-V-2005-11",
    doi = "10.1140/epjc/s10052-007-0246-2",
    journal = "Eur. Phys. J. C",
    volume = "50",
    pages = "843--856",
    year = "2007"
}


@article{Cafarella:2007pc,
    author = "Cafarella, Alessandro and Papadopoulos, Costas G. and Worek, Malgorzata",
    title = "{Helac-Phegas: A Generator for all parton level processes}",
    eprint = "0710.2427",
    archivePrefix = "arXiv",
    primaryClass = "hep-ph",
    doi = "10.1016/j.cpc.2009.04.023",
    journal = "Comput. Phys. Commun.",
    volume = "180",
    pages = "1941--1955",
    year = "2009"
}


@article{Bahr:2008pv,
    author = "Bahr, M. and others",
    title = "{Herwig++ Physics and Manual}",
    eprint = "0803.0883",
    archivePrefix = "arXiv",
    primaryClass = "hep-ph",
    reportNumber = "CERN-PH-TH-2008-038, CAVENDISH-HEP-08-03, KA-TP-05-2008, DCPT-08-22, IPPP-08-11, CP3-08-05",
    doi = "10.1140/epjc/s10052-008-0798-9",
    journal = "Eur. Phys. J. C",
    volume = "58",
    pages = "639--707",
    year = "2008"
}


@article{Ciccolini:2007jr,
    author = "Ciccolini, M. and Denner, Ansgar and Dittmaier, S.",
    title = "{Strong and electroweak corrections to the production of Higgs + 2jets via weak interactions at the LHC}",
    eprint = "0707.0381",
    archivePrefix = "arXiv",
    primaryClass = "hep-ph",
    reportNumber = "MPP-2007-82, PSI-PR-07-03",
    doi = "10.1103/PhysRevLett.99.161803",
    journal = "Phys. Rev. Lett.",
    volume = "99",
    pages = "161803",
    year = "2007"
}


@article{Ciccolini:2007ec,
    author = "Ciccolini, Mariano and Denner, Ansgar and Dittmaier, Stefan",
    title = "{Electroweak and QCD corrections to Higgs production via vector-boson fusion at the LHC}",
    eprint = "0710.4749",
    archivePrefix = "arXiv",
    primaryClass = "hep-ph",
    reportNumber = "MPP-2007-152, PSI-PR-07-06, UWTHPH-2007-26",
    doi = "10.1103/PhysRevD.77.013002",
    journal = "Phys. Rev. D",
    volume = "77",
    pages = "013002",
    year = "2008"
}


@article{Campbell:1999ah,
    author = "Campbell, John M. and Ellis, R. Keith",
    title = "{An Update on vector boson pair production at hadron colliders}",
    eprint = "hep-ph/9905386",
    archivePrefix = "arXiv",
    reportNumber = "FERMILAB-PUB-99-146-T",
    doi = "10.1103/PhysRevD.60.113006",
    journal = "Phys. Rev. D",
    volume = "60",
    pages = "113006",
    year = "1999"
}


@article{Campbell:2011bn,
    author = "Campbell, John M. and Ellis, R. Keith and Williams, Ciaran",
    title = "{Vector boson pair production at the LHC}",
    eprint = "1105.0020",
    archivePrefix = "arXiv",
    primaryClass = "hep-ph",
    reportNumber = "FERMILAB-PUB-11-182-T",
    doi = "10.1007/JHEP07(2011)018",
    journal = "JHEP",
    volume = "07",
    pages = "018",
    year = "2011"
}


@article{Campbell:2011cu,
    author = "Campbell, John M. and Ellis, R. Keith and Williams, Ciaran",
    title = "{Gluon-Gluon Contributions to W+ W- Production and Higgs Interference Effects}",
    eprint = "1107.5569",
    archivePrefix = "arXiv",
    primaryClass = "hep-ph",
    reportNumber = "FERMILAB-PUB-11-340-T",
    doi = "10.1007/JHEP10(2011)005",
    journal = "JHEP",
    volume = "10",
    pages = "005",
    year = "2011"
}


@article{JiJuan:2010ga,
    author = "Su, Ji-Juan and Ma, Wen-Gan and Zhang, Ren-You and Guo, Lei",
    title = "{Next-to-leading order QCD predictions for the hadronic $WH$+jet production}",
    eprint = "1006.0279",
    archivePrefix = "arXiv",
    primaryClass = "hep-ph",
    doi = "10.1103/PhysRevD.81.114037",
    journal = "Phys. Rev. D",
    volume = "81",
    pages = "114037",
    year = "2010"
}


@article{Binoth:2008kt,
    author = "Binoth, T. and Ossola, G. and Papadopoulos, C. G. and Pittau, R.",
    title = "{NLO QCD corrections to tri-boson production}",
    eprint = "0804.0350",
    archivePrefix = "arXiv",
    primaryClass = "hep-ph",
    doi = "10.1088/1126-6708/2008/06/082",
    journal = "JHEP",
    volume = "06",
    pages = "082",
    year = "2008"
}


@article{Baur:2010zf,
    author = "Baur, Uli and Wackeroth, Doreen and Weber, Marcus M.",
    title = "{Radiative corrections to W gamma gamma production at the LHC}",
    eprint = "1001.2688",
    archivePrefix = "arXiv",
    primaryClass = "hep-ph",
    reportNumber = "MPP-2010-3",
    doi = "10.22323/1.092.0067",
    journal = "PoS",
    volume = "RADCOR2009",
    pages = "067",
    year = "2010"
}


@phdthesis{Rauch:2008fy,
    author = "Rauch, Michael",
    title = "{Quantum Effects in Higgs-Boson Production Processes at Hadron Colliders}",
    eprint = "0804.2428",
    archivePrefix = "arXiv",
    primaryClass = "hep-ph",
    school = "Munich, Tech. U",
    year = "2006"
}


@article{Kilian:2007gr,
    author = "Kilian, Wolfgang and Ohl, Thorsten and Reuter, Jurgen",
    title = "{WHIZARD: Simulating Multi-Particle Processes at LHC and ILC}",
    eprint = "0708.4233",
    archivePrefix = "arXiv",
    primaryClass = "hep-ph",
    reportNumber = "DESY-11-126, EDINBURGH-2010-36, FR-PHENO-2010-037, SI-HEP-2010-18",
    doi = "10.1140/epjc/s10052-011-1742-y",
    journal = "Eur. Phys. J. C",
    volume = "71",
    pages = "1742",
    year = "2011"
}


@article{Hahn:2000kx,
    author = "Hahn, Thomas",
    title = "{Generating Feynman diagrams and amplitudes with FeynArts 3}",
    eprint = "hep-ph/0012260",
    archivePrefix = "arXiv",
    reportNumber = "KA-TP-23-2000",
    doi = "10.1016/S0010-4655(01)00290-9",
    journal = "Comput. Phys. Commun.",
    volume = "140",
    pages = "418--431",
    year = "2001"
}


@article{Hahn:2001rv,
    author = "Hahn, Thomas and Schappacher, Christian",
    title = "{The Implementation of the minimal supersymmetric standard model in FeynArts and FormCalc}",
    eprint = "hep-ph/0105349",
    archivePrefix = "arXiv",
    reportNumber = "KA-TP-18-2001",
    doi = "10.1016/S0010-4655(01)00436-2",
    journal = "Comput. Phys. Commun.",
    volume = "143",
    pages = "54--68",
    year = "2002"
}


@inproceedings{Binoth:2008pr,
    author = "Binoth, T. and Kauer, N. and Mertsch, P.",
    title = "{Gluon-induced QCD corrections to pp ---\ensuremath{>} ZZ ---\ensuremath{>} l anti-l l-prime anti-l-prime}",
    booktitle = "{16th International Workshop on Deep Inelastic Scattering and Related Subjects}",
    eprint = "0807.0024",
    archivePrefix = "arXiv",
    primaryClass = "hep-ph",
    doi = "10.3360/dis.2008.142",
    month = "7",
    year = "2008"
}


@article{Kauer:2012ma,
    author = "Kauer, Nikolas",
    title = "{Signal-background interference in gg -\ensuremath{>} H -\ensuremath{>} VV}",
    eprint = "1201.1667",
    archivePrefix = "arXiv",
    primaryClass = "hep-ph",
    doi = "10.22323/1.145.0027",
    journal = "PoS",
    volume = "RADCOR2011",
    pages = "027",
    year = "2011"
}


@article{Eboli:2016kko,
    author = "\'Eboli, O. J. P. and Gonzalez-Garcia, M. C.",
    title = "{Classifying the bosonic quartic couplings}",
    eprint = "1604.03555",
    archivePrefix = "arXiv",
    primaryClass = "hep-ph",
    reportNumber = "YITP-SB-16-09",
    doi = "10.1103/PhysRevD.93.093013",
    journal = "Phys. Rev. D",
    volume = "93",
    number = "9",
    pages = "093013",
    year = "2016"
}


@article{Murphy:2020rsh,
    author = "Murphy, Christopher W.",
    title = "{Dimension-8 operators in the Standard Model Eective Field Theory}",
    eprint = "2005.00059",
    archivePrefix = "arXiv",
    primaryClass = "hep-ph",
    doi = "10.1007/JHEP10(2020)174",
    journal = "JHEP",
    volume = "10",
    pages = "174",
    year = "2020"
}


@article{Li:2020gnx,
    author = "Li, Hao-Lin and Ren, Zhe and Shu, Jing and Xiao, Ming-Lei and Yu, Jiang-Hao and Zheng, Yu-Hui",
    title = "{Complete Set of Dimension-8 Operators in the Standard Model Effective Field Theory}",
    eprint = "2005.00008",
    archivePrefix = "arXiv",
    primaryClass = "hep-ph",
    month = "4",
    year = "2020"
}


@article{Alwall:2011uj,
    author = "Alwall, Johan and Herquet, Michel and Maltoni, Fabio and Mattelaer, Olivier and Stelzer, Tim",
    title = "{MadGraph 5 : Going Beyond}",
    eprint = "1106.0522",
    archivePrefix = "arXiv",
    primaryClass = "hep-ph",
    reportNumber = "FERMILAB-PUB-11-448-T",
    doi = "10.1007/JHEP06(2011)128",
    journal = "JHEP",
    volume = "06",
    pages = "128",
    year = "2011"
}

@article{Alwall:2014hca,
    author = "Alwall, J. and Frederix, R. and Frixione, S. and Hirschi, V. and Maltoni, F. and Mattelaer, O. and Shao, H. -S. and Stelzer, T. and Torrielli, P. and Zaro, M.",
    title = "{The automated computation of tree-level and next-to-leading order differential cross sections, and their matching to parton shower simulations}",
    eprint = "1405.0301",
    archivePrefix = "arXiv",
    primaryClass = "hep-ph",
    reportNumber = "CERN-PH-TH-2014-064, CP3-14-18, LPN14-066, MCNET-14-09, ZU-TH-14-14",
    doi = "10.1007/JHEP07(2014)079",
    journal = "JHEP",
    volume = "07",
    pages = "079",
    year = "2014"
}

